@misc{Linearen30:online,
author = {},
title = {Linear encoder - Wikipedia},
howpublished = {\url{https://en.wikipedia.org/wiki/Linear_encoder}},
month = {},
year = {},
note = {(Accessed on 01/16/2022)}
}