@article{canny,
  author =       {John Canny},
  title =        {A Computational Approach to Edge Detection},

  month =        {November},
  day =          6,
  year =         1986,
 }